[gd_scene load_steps=5 format=2]

[ext_resource path="res://Environment/Future.gd" type="Script" id=1]
[ext_resource path="res://Sprites/Effects/Hand_ripple.gd" type="Script" id=2]
[ext_resource path="res://Sprites/Effects/Ripples.png" type="Texture" id=3]
[ext_resource path="res://Sprites/Effects/Hand_ripple.tscn" type="PackedScene" id=4]

[node name="Future" type="Spatial"]
script = ExtResource( 1 )

[node name="Effects" type="Spatial" parent="."]
transform = Transform( 1, 0, 0, 0, 1, 0, 0, 0, 1, 0, 0, -1.94931 )

[node name="Hand_ripple_left" type="Sprite3D" parent="Effects" instance=ExtResource( 4 )]
transform = Transform( 2, 0, 0, 0, 2, 0, 0, 0, 2, 0, 1.63908, 0 )
modulate = Color( 0, 0, 0, 1 )
texture = ExtResource( 3 )
vframes = 3
hframes = 2
frame = 3
script = ExtResource( 2 )
hand_path = "PlayerController_XR/Player_VR/LeftHand"

[node name="Hand_ripple_right" type="Sprite3D" parent="Effects" instance=ExtResource( 4 )]
transform = Transform( 2, 0, 0, 0, 2, 0, 0, 0, 2, 0, 1.63908, 0 )
modulate = Color( 0, 0, 0, 1 )
texture = ExtResource( 3 )
vframes = 3
hframes = 2
frame = 3
script = ExtResource( 2 )
hand_path = "PlayerController_XR/Player_VR/RightHand"

[node name="Instantiation_timer" type="Timer" parent="."]
wait_time = 10.0
one_shot = true

[node name="Instantiation_position" type="Spatial" parent="."]
transform = Transform( 1, 0, 0, 0, 1, 0, 0, 0, 1, 0, -0.830008, -1.20127 )
[connection signal="timeout" from="Instantiation_timer" to="." method="_on_Instantiation_timer_timeout"]
