[gd_scene load_steps=11 format=2]

[ext_resource path="res://Sprites/Landscape/Entity_D/entity_d_frame0001.png" type="Texture" id=2]
[ext_resource path="res://Sprites/Landscape/Entity_D/entity_d_frame0002.png" type="Texture" id=3]
[ext_resource path="res://Sprites/Landscape/Entity_D/entity_d_frame0004.png" type="Texture" id=4]
[ext_resource path="res://Sprites/Landscape/Entity_D/entity_d_frame0000.png" type="Texture" id=5]
[ext_resource path="res://Sprites/Landscape/Entity_D/entity_d_frame0008.png" type="Texture" id=6]
[ext_resource path="res://Sprites/Landscape/Entity_D/entity_d_frame0007.png" type="Texture" id=7]
[ext_resource path="res://Sprites/Landscape/Entity_D/entity_d_frame0003.png" type="Texture" id=9]
[ext_resource path="res://Sprites/Landscape/Entity_D/entity_d_frame0006.png" type="Texture" id=10]
[ext_resource path="res://Sprites/Landscape/Entity_D/entity_d_frame0005.png" type="Texture" id=11]

[sub_resource type="SpriteFrames" id=1]
animations = [ {
"frames": [ ExtResource( 5 ), ExtResource( 2 ), ExtResource( 3 ), ExtResource( 9 ), ExtResource( 4 ), ExtResource( 11 ), ExtResource( 10 ), ExtResource( 7 ), ExtResource( 6 ) ],
"loop": true,
"name": "Entity_D",
"speed": 12.0
} ]

[node name="Entity_D" type="AnimatedSprite3D" groups=[
"vignette_elements",
]]
modulate = Color( 0, 0, 0, 1 )
frames = SubResource( 1 )
animation = "Entity_D"
frame = 1
playing = true
