[gd_scene load_steps=11 format=2]

[ext_resource path="res://Environment/GroundMovement.gd" type="Script" id=1]
[ext_resource path="res://Materials/Landscape_two_sides.tres" type="Material" id=2]
[ext_resource path="res://Environment/Terrain_model/terrain_connectable_a.obj" type="ArrayMesh" id=3]
[ext_resource path="res://Materials/Tree.tres" type="Material" id=4]
[ext_resource path="res://NPCs/NeighborF_model/NeighborF.tscn" type="PackedScene" id=5]
[ext_resource path="res://Materials/black_2sided.tres" type="Material" id=6]
[ext_resource path="res://Environment/Terrain_model/terrain_connectable_a_bottom.obj" type="ArrayMesh" id=7]

[sub_resource type="PlaneMesh" id=1]

[sub_resource type="SpatialMaterial" id=2]
albedo_color = Color( 0, 0, 0, 1 )

[sub_resource type="PlaneMesh" id=3]

[node name="GroundHolder" type="Spatial"]
script = ExtResource( 1 )

[node name="Ground" type="MeshInstance" parent="."]
cast_shadow = 0
mesh = ExtResource( 3 )
material/0 = ExtResource( 2 )

[node name="Floor1" type="MeshInstance" parent="Ground"]
transform = Transform( 100, 0, 0, 0, 1, 0, 0, 0, 100, 0, -1, 0 )
mesh = SubResource( 1 )
material/0 = SubResource( 2 )

[node name="EdgeCover" type="MeshInstance" parent="Ground"]
transform = Transform( 97.6867, 0, 0, 0, 0.955726, 0.294257, 0, -0.294257, 0.955726, 0.204441, 0.578074, 100.527 )
visible = false
mesh = SubResource( 3 )
material/0 = ExtResource( 4 )

[node name="EdgeCover2" type="MeshInstance" parent="Ground"]
transform = Transform( 97.6867, 0, 0, 0, 0.956305, -0.292372, 0, 0.292372, 0.956305, 0, 0.480734, -100.922 )
visible = false
mesh = SubResource( 3 )
material/0 = ExtResource( 4 )

[node name="EdgeCover3" type="MeshInstance" parent="Ground"]
transform = Transform( -1.59152e-05, -0.292372, 0.956305, 0, 0.956305, 0.292372, -97.6867, 4.76334e-08, -1.55802e-07, 100.937, 0.481564, 2.835 )
visible = false
mesh = SubResource( 3 )
material/0 = ExtResource( 4 )

[node name="EdgeCover4" type="MeshInstance" parent="Ground"]
transform = Transform( -1.59152e-05, 0.292372, -0.956305, 0, 0.956305, 0.292372, 97.6867, 4.76334e-08, -1.55802e-07, -100.888, 0.483387, 2.80288 )
visible = false
mesh = SubResource( 3 )
material/0 = ExtResource( 4 )

[node name="Bottom" type="MeshInstance" parent="Ground"]
mesh = ExtResource( 7 )
material/0 = ExtResource( 6 )

[node name="NeighborF" parent="." instance=ExtResource( 5 )]
transform = Transform( 0.3, 0, 0, 0, 0.3, 0, 0, 0, 0.3, 0, 9.10868, -59.8395 )
