[gd_scene load_steps=7 format=2]

[ext_resource path="res://Sprites/dot.png" type="Texture" id=1]
[ext_resource path="res://AudioNodes/AudioNode.gd" type="Script" id=2]

[sub_resource type="CubeMesh" id=1]

[sub_resource type="SpatialMaterial" id=2]
flags_transparent = true
flags_unshaded = true
albedo_color = Color( 1, 1, 1, 0.027451 )

[sub_resource type="Animation" id=3]
resource_name = "color_lerp"
length = 3.0
tracks/0/type = "value"
tracks/0/path = NodePath(".:modulate")
tracks/0/interp = 1
tracks/0/loop_wrap = true
tracks/0/imported = false
tracks/0/enabled = true
tracks/0/keys = {
"times": PoolRealArray( 0, 1, 2, 3 ),
"transitions": PoolRealArray( 1, 1, 1, 1 ),
"update": 0,
"values": [ Color( 0, 0, 0, 0.470588 ), Color( 1, 1, 1, 0.470588 ), Color( 1, 1, 1, 0.47 ), Color( 0, 0, 0, 0.470588 ) ]
}
tracks/1/type = "method"
tracks/1/path = NodePath("..")
tracks/1/interp = 1
tracks/1/loop_wrap = true
tracks/1/imported = false
tracks/1/enabled = true
tracks/1/keys = {
"times": PoolRealArray( 3 ),
"transitions": PoolRealArray( 1 ),
"values": [ {
"args": [  ],
"method": "set_color_change_timer"
} ]
}

[sub_resource type="BoxShape" id=4]

[node name="AudioNode" type="Spatial" groups=[
"audionode",
]]
script = ExtResource( 2 )

[node name="AudioStreamPlayer3D" type="AudioStreamPlayer3D" parent="."]
unit_db = -30.0
max_db = 0.0

[node name="MeshInstance" type="MeshInstance" parent="."]
visible = false
mesh = SubResource( 1 )
material/0 = SubResource( 2 )

[node name="Sprite3D" type="Sprite3D" parent="."]
transform = Transform( 5.78984, 0, 0, 0, 5.78984, 0, 0, 0, 5.78984, 0, 0, 0 )
modulate = Color( 0, 0, 0, 0.470588 )
billboard = 1
texture = ExtResource( 1 )

[node name="AnimationPlayer" type="AnimationPlayer" parent="Sprite3D"]
anims/color_lerp = SubResource( 3 )

[node name="Area" type="Area" parent="."]
collision_layer = 2

[node name="CollisionShape" type="CollisionShape" parent="Area"]
shape = SubResource( 4 )

[node name="HTTPRequest" type="HTTPRequest" parent="."]

[node name="Color_change_Timer" type="Timer" parent="."]
one_shot = true

[node name="Speed_change_Timer" type="Timer" parent="."]
one_shot = true
[connection signal="empty_hand_entered" from="." to="." method="_on_empty_hand_entered"]
[connection signal="empty_hand_exited" from="." to="." method="_on_empty_hand_exited"]
[connection signal="grip_begin" from="." to="." method="_on_AudioNode_grip_begin"]
[connection signal="grip_release" from="." to="." method="_on_AudioNode_grip_release"]
[connection signal="body_entered" from="Area" to="." method="_on_Area_body_entered"]
[connection signal="body_exited" from="Area" to="." method="_on_Area_body_exited"]
[connection signal="timeout" from="Color_change_Timer" to="." method="_on_Color_change_Timer_timeout"]
